<?xml version="1.0" encoding="UTF-8"?><record xmlns="http://www.loc.gov/MARC21/slim" xmlns:cinclude="http://apache.org/cocoon/include/1.0" xmlns:zs="http://www.loc.gov/zing/srw/">
  <leader>00665cz  a2200181n  4500</leader>
  <controlfield tag="001">n  85252004 </controlfield>
  <controlfield tag="003">DLC</controlfield>
  <controlfield tag="005">20000603065713.0</controlfield>
  <controlfield tag="008">860519n| acannaabn          |a aaa     c</controlfield>
  <datafield tag="010" ind1=" " ind2=" ">
    <subfield code="a">n  85252004 </subfield>
    <subfield code="z">n  95048543 </subfield>
  </datafield>
  <datafield tag="035" ind1=" " ind2=" ">
    <subfield code="a">(OCoLC)oca01584265</subfield>
  </datafield>
  <datafield tag="040" ind1=" " ind2=" ">
    <subfield code="a">OU</subfield>
    <subfield code="b">eng</subfield>
    <subfield code="c">DLC</subfield>
    <subfield code="d">DLC</subfield>
    <subfield code="d">OCoLC</subfield>
  </datafield>
  <datafield tag="100" ind1="1" ind2=" ">
    <subfield code="a">Deppert-Lippitz, Barbara</subfield>
  </datafield>
  <datafield tag="400" ind1="1" ind2=" ">
    <subfield code="a">Lippitz, Barbara Deppert-</subfield>
  </datafield>
  <datafield tag="400" ind1="1" ind2=" ">
    <subfield code="a">Deppert, Barbara</subfield>
  </datafield>
  <datafield tag="670" ind1=" " ind2=" ">
    <subfield code="a">Her Die MuĚnzpraĚgung Milets vom vierten bis ... 1984:</subfield>
    <subfield code="b">t.p. (Barbara Deppert-Lippitz)</subfield>
  </datafield>
  <datafield tag="670" ind1=" " ind2=" ">
    <subfield code="a">A golden legacy, 1995:</subfield>
    <subfield code="b">CIP t.p. (Barbara Deppert)</subfield>
  </datafield>
  <datafield tag="670" ind1=" " ind2=" ">
    <subfield code="a">Her Ancient gold jewelry at the Dallas Museum of Art, c1996:</subfield>
    <subfield code="b">t.p. (Barbara Deppert-Lippitz)</subfield>
  </datafield>
</record>